%% This BibTeX bibliography file was created using BibDesk.
%% http://bibdesk.sourceforge.net/


%% Created for Ubbo Visser at 2015-02-12 16:02:13 -0500 


%% Saved with string encoding Western (Windows Latin 1) 



@book{russel2009,
	Author = {S. J. Russell and P. Norvig},
	Edition = {3rd},
	Publisher = {Prentice Hall},
	Title = {{Artificial Intelligence: A Modern Approach}},
	Year = {2009}}
	
	@book{MatrixCompStewart1973,
	Author = {G.W. Stewart},
	Edition = {1st},
	Publisher = {Academic Press},
	Title = {{Introduction to Matrix Computations}},
	Year = {1973}}

	@book{Cover2006,
	Author = {Thomas M. Cover and Joy A. Thomas},
	Edition = {2nd},
	Publisher = {Wiley},
	Title = {{Elements of Information Theory}},
	Year = {2006}}
	@book{Hastie2008,
	Author = {Trevor Hastie and Robert Tibshirani and Jerome Friedman},
	Edition = {2nd},
	Publisher = {Springer},
	Title = {{The Elements of Statistical Learning}},
	Year = {2008}}

@techreport{Welch:1995:IKF:897831,
	Address = {Chapel Hill, NC, USA},
	Author = {Welch, Greg and Bishop, Gary},
	Publisher = {University of North Carolina at Chapel Hill},
	Title = {{An Introduction to the Kalman Filter}},
	Year = {1995}}

@inproceedings{bai2013recognition,
	Author = {Bai, Ying-Wen and Wu, Shiao-Chian and Yu, Chia Hao},
	Booktitle = {Electrical and Computer Engineering (CCECE), 2013 26th Annual IEEE Canadian Conference on},
	Organization = {IEEE},
	Pages = {1--6},
	Title = {{Recognition of direction of fall by smartphone}},
	Year = {2013}}

@inproceedings{baek2013real,
	Author = {Baek, Woon-Sung and Kim, Dong-Min and Bashir, Faisal and Pyun, Jae-Young},
	Booktitle = {Consumer Communications and Networking Conference (CCNC), 2013 IEEE},
	Organization = {IEEE},
	Pages = {62--67},
	Title = {{Real life applicable fall detection system based on wireless body area network}},
	Year = {2013}}

@inproceedings{leone2013supervised,
	Author = {Leone, Alessandro and Rescio, Gabriele and Siciliano, Pietro},
	Booktitle = {Measurements and Networking Proceedings (M\&N), 2013 IEEE International Workshop on},
	Organization = {IEEE},
	Pages = {200--205},
	Title = {{Supervised wearable wireless system for fall detection}},
	Year = {2013}}

@inproceedings{dumitrache2013fall,
	Author = {Dumitrache, Mihail and Pasca, Sever},
	Booktitle = {E-Health and Bioengineering Conference (EHB), 2013},
	Organization = {IEEE},
	Pages = {1--4},
	Title = {{Fall detection algorithm based on triaxial accelerometer data}},
	Year = {2013}}

@inproceedings{kumarwearable,
	Author = {Kumar, Praveen and Pandey, Prem C},
	Booktitle = {Proc. Annu. IEEE Conf. INDICON, Mumbai, India},
	Pages = {1--6},
	Title = {{A Wearable Inertial Sensing Device for Fall Detection and Motion Tracking}},
	Year = {2013}}

@inproceedings{liang2012pre,
	Author = {Liang, Ding and Zhao, Guoru and Guo, Yanwei and Wang, Lei},
	Booktitle = {Biomedical and Health Informatics (BHI), 2012 IEEE-EMBS International Conference on},
	Organization = {IEEE},
	Pages = {763--766},
	Title = {{Pre-impact \& impact detection of falls using wireless body sensor network}},
	Year = {2012}}

@inproceedings{ojetola2011fall,
	Author = {Ojetola, Olukunle and Gaura, Elena I and Brusey, James},
	Booktitle = {Intelligent Environments (IE), 2011 7th International Conference on},
	Organization = {IEEE},
	Pages = {318--321},
	Title = {Fall detection with wearable sensors--safe (Smart Fall Detection)},
	Year = {2011}}

@article{moya2014fall,
	Author = {Moya, Javier and Ruiz-del-Solar, Javier and Orchard, Marcos and Parra-Tsunekawa, Isao},
	Date-Modified = {2015-02-12 21:01:51 +0000},
	Journal = {International Journal of Humanoid Robotics},
	Note = {DOI: 10.1142/S0219843615500012},
	Publisher = {World Scientific},
	Title = {{Fall Detection and Damage Reduction in Biped Humanoid Robots}},
	Year = {2015}}

@inproceedings{li2009accurate,
	Author = {Li, Qiang and Stankovic, John A and Hanson, Mark A and Barth, Adam T and Lach, John and Zhou, Gang},
	Booktitle = {6th International Workshop on Wearable and Implantable Body Sensor Networks (BSN), 2009},
	Pages = {138--143},
	Title = {Accurate, fast fall detection using gyroscopes and accelerometer-derived posture information},
	Year = {2009}}

@book{Bishop:2006:PRM:1162264,
	Address = {Secaucus, NJ, USA},
	Author = {Bishop, Christopher M.},
	Isbn = {0387310738},
	Publisher = {Springer-Verlag New York, Inc.},
	Title = {Pattern Recognition and Machine Learning (Information Science and Statistics)},
	Year = {2006}}

@inproceedings{steidl2012fall,
	Author = {Steidl, S and Schneider, C and Hufnagl, M},
	Booktitle = {Proceedings of the eHealth 2012},
	Organization = {OCG},
	Pages = {27--32},
	Title = {Fall detection by recognizing patterns in direction changes of constraining forces},
	Year = {2012}}

@inproceedings{DernbachDKTC12,
	Author = {Dernbach, Stefan and Das, Barnan and Krishnan, Narayanan Chatapuram and Thomas, Brian L. and Cook, Diane J.},
	Booktitle = {Intelligent Environments},
	Crossref = {conf/intenv/2012},
	Ee = {http://dx.doi.org/10.1109/IE.2012.39},
	Isbn = {978-1-4673-2093-1},
	Keywords = {dblp},
	Pages = {214-221},
	Publisher = {IEEE},
	Timestamp = {2012-09-11T00:00:00.000+0200},
	Title = {Simple and Complex Activity Recognition through Smart Phones.},
	Url = {http://dblp.uni-trier.de/db/conf/intenv/intenv2012.html#DernbachDKTC12},
	Year = {2012},
	Bdsk-Url-1 = {http://dblp.uni-trier.de/db/conf/intenv/intenv2012.html#DernbachDKTC12}}

@inproceedings{Bao04activityrecognition,
	Author = {Ling Bao and Stephen S. Intille},
	Pages = {1--17},
	Publisher = {Springer},
	Title = {Activity recognition from user-annotated acceleration data},
	Year = {2004}}

@article{krishnan2014activity,
	Author = {Krishnan, Narayanan C and Cook, Diane J},
	Journal = {Pervasive and Mobile Computing},
	Pages = {138--154},
	Publisher = {Elsevier},
	Title = {Activity recognition on streaming sensor data},
	Volume = {10},
	Year = {2014}}

@article{gao2014evaluation,
	Author = {Gao, Lei and Bourke, AK and Nelson, John},
	Journal = {Medical engineering \& physics},
	Number = {6},
	Pages = {779--785},
	Publisher = {Elsevier},
	Title = {Evaluation of accelerometer based multi-sensor versus single-sensor activity recognition systems},
	Volume = {36},
	Year = {2014}}

@inproceedings{alvarez2015evaluating,
	Author = {{\'A}lvarez-Garc{\'\i}a, Juan Antonio and Morillo, Luis Miguel Soria and de La Concepci{\'o}n, Miguel {\'A}ngel {\'A}lvarez and Fern{\'a}ndez-Montes, Alejandro and Ram{\'\i}rez, Juan Antonio Ortega},
	Booktitle = {6th European Conference of the International Federation for Medical and Biological Engineering},
	Organization = {Springer},
	Pages = {653--656},
	Title = {Evaluating Wearable Activity Recognition and Fall Detection Systems},
	Year = {2015}}
	
@article{Shen2015390,
title = {The implementation of a smartphone-based fall detection system using a high-level fuzzy 
Petri net},
journal = {Applied Soft Computing},
volume = {26},
number = {0},
pages = {390 - 400},
year = {2015},
author = {Victor R.L. Shen and Horng-Yih Lai and Ah-Fur Lai}
}

	
